@book{de2000mathematical,
  title={Mathematical methods and models for economists},
  author={De la Fuente, Angel},
  year={2000},
  publisher={Cambridge University Press}
}
@article{milgrom1990rationalizability,
  title={Rationalizability, learning, and equilibrium in games with strategic complementarities},
  author={Milgrom, Paul and Roberts, John},
  journal={Econometrica: Journal of the Econometric Society},
  pages={1255--1277},
  year={1990},
  publisher={JSTOR}
}