@book{de2000mathematical,
  title={Mathematical methods and models for economists},
  author={De la Fuente, Angel},
  year={2000},
  publisher={Cambridge University Press}
}