@book{rudin1964principles,
  title={Principles of mathematical analysis},
  author={Rudin, Walter},
  year={1964},
  publisher={McGraw-hill New York}
}