@book{ljungqvist2018recursive,
  title={Recursive macroeconomic theory},
  author={Ljungqvist, Lars and Sargent, Thomas J},
  year={2018},
  publisher={MIT press}
}

@article{alvarez2000efficiency,
  title={Efficiency, equilibrium, and asset pricing with risk of default},
  author={Alvarez, Fernando and Jermann, Urban J},
  journal={Econometrica},
  volume={68},
  number={4},
  pages={775--797},
  year={2000},
  publisher={Wiley Online Library}
}